@MISC{mobile_marketshare,
  author= {mobiThinking},
  year = {2014},
  month = {June},
  title = {{Global mobile statistics 2014 Part A: Mobile subscribers; handset market share; mobile operators}},
  publisher = {mobiThinking},
  url={https://mobiforge.com/research-analysis/global-mobile-statistics-2014-part-a-mobile-subscribers-handset-market-share-mobile-operators#subscribers}
}